@inbook{baseGraph1,
	author={А.~Г.~Волобой},
	title={Автореферат на тему <<Программные технологии автоматизации построения реалистичных изображений>>.},
	pages={35},
	language={russian},
	year={2012}
}

@inbook{baseGraph2,
	author={Ю.~Д.~Кишиневская and Д.~К.~Иеронов},
	title={ВИЗУАЛИЗАЦИЯ ЗВУКА И ЕГО ДЕЙСТВИЕ НА СТРУЮ ЖИДКОСТИ.},
	pages={8},
	language={russian},
	year={2018}
}

@inbook{usage,
	author={Е.~Ю.~Цыбина},
	title={КОМПЬЮТЕРНАЯ ГРАФИКА. СФЕРЫ ПРИМЕНЕНИЯ И ПЕРСПЕКТИВЫ РАЗВИТИЯ.},
	pages={4},
	language={russian},
	year={2022}
}

@inbook{models,
	author={Ю.~Н.~Косников},
	title={Поверхностные модели	в системах трехмерной компьютерной графики.},
	pages={60},
	language={russian},
	year={2007}
}

@inbook{compareModels1,
	author={Санкт-Петербургский государственный электротехнический университет «ЛЭТИ»},
	title={Конспект лекций по компьютерной графике.},
	pages={6},
	language={russian},
	year={2014}
}

@inbook{compareModels2,
	author={С.~А.~Роменский and С.~И.~Ротков},
	title={Формирование трехмерной каркасной модели в проблеме преобразования чертежноконструкторской документации на бумажном носителе в электронную модель объекта.},
	pages={16},
	language={russian},
	year={2020}
}

@misc{invisible1,
	title={Удаление скрытых линий и поверхностей.},
	howpublished={[Электронный ресурс]. ~--- Режим доступа:
	\url{https://algolist.ru/graphics/delinvis.php} (дата обращения: 29.09.23).}
}

@misc{compareInvisible1,
	title={Сравнительный анализ алгоритмов удаления невидимых линий и поверхностей, работающих в пространстве изображения.},
	howpublished={[Электронный ресурс]. ~--- Режим доступа:
	\url{https://novainfo.ru/article/3958} (дата обращения: 05.10.23).}
}

@inbook{baseOpt,
	author={Н.~И.~Витиска and Н.~А.~Гуляев and И.~Г.~Данилов, В.~В.~Селянкин},
	title={ОПТИМИЗАЦИЯ ПРЯМОЙ ОБЪЕМНОЙ ВИЗУАЛИЗАЦИИ С ПРОГРАММИРУЕМЫМ УПРАВЛЕНИЕМ КАЧЕСТВА.},
	pages={82},
	language={russian},
	year={2020}
}

@inbook{base,
	author={А.~А.~Головнин},
	title={БАЗОВЫЕ АЛГОРИТМЫ КОМПЬЮТЕРНОЙ ГРАФИКИ.},
	pages={18},
	language={russian},
	year={2016}
}

@inbook{baseLight,
	author={А.~Г.~Задорожный},
	title={МОДЕЛИ ОСВЕЩЕНИЯ И АЛГОРИТМЫ ЗАТЕНЕНИЯ В КОМПЬЮТЕРНОЙ ГРАФИКЕ.},
	pages={80},
	language={russian},
	year={2020}
}

@inbook{draw1,
	author={Ю.~А.~Иванова},
	title={Лекция на тему <<Методы закраски>>.},
	pages={51},
	language={russian},
	year={2019}
}

@misc{baseInvisible,
	title={Электронный учебник <<Компьютерная графика>>.},
	howpublished={[Электронный ресурс]. ~--- Режим доступа:
	\url{https://ychebnikkompgrafblog.wordpress.com/} (дата обращения: 25.10.23).}
}

@misc{OpenGL,
	title={The Industry's Foundation for High Performance Graphics.},
	howpublished={[Электронный ресурс]. ~--- Режим доступа:
	\url{https://www.opengl.org/} (дата обращения: 23.11.23).}
}

@inbook{gpuFaster,
	author={М.~К.~Буза},
	title={Высокоэффективные вычисления с применением графических процессоров.},
	pages={5},
	language={russian},
	year={2015}
}

@misc{glLibs,
	title={The Industry's Foundation for High Performance Graphics.},
	howpublished={[Электронный ресурс]. ~--- Режим доступа:
	\url{https://www.khronos.org/opengl/wiki/OpenGL_Loading_Library} (дата обращения: 24.11.23).}
}

@misc{vs2022,
	title={Visual Studio 2022.},
	howpublished={[Электронный ресурс]. ~--- Режим доступа:
	\url{https://visualstudio.microsoft.com/ru/vs/} (дата обращения: 24.11.23).}
}

